<record><leader>00000cas a22000007a 4500</leader><controlfield tag="001">34395047</controlfield><controlfield tag="008">960318d18451845meuwr ne      0    0eng d</controlfield><datafield ind1=" " ind2=" " tag="010"><subfield code="a">sn 96075025 </subfield></datafield><datafield ind1=" " ind2=" " tag="040"><subfield code="a">MBN</subfield><subfield code="b">eng</subfield><subfield code="c">MBN</subfield><subfield code="d">OCL</subfield><subfield code="d">OCLCQ</subfield><subfield code="d">OCLCF</subfield><subfield code="d">OCLCO</subfield></datafield><datafield ind1="1" ind2=" " tag="029"><subfield code="a">AU@</subfield><subfield code="b">000012366997</subfield></datafield><datafield ind1=" " ind2=" " tag="042"><subfield code="a">msc</subfield></datafield><datafield ind1=" " ind2=" " tag="043"><subfield code="a">n-us-me</subfield></datafield><datafield ind1="0" ind2="0" tag="245"><subfield code="a">Weekly tribune &amp; bulletin.</subfield></datafield><datafield ind1="0" ind2="0" tag="246"><subfield code="a">Weekly tribune and bulletin</subfield></datafield><datafield ind1=" " ind2=" " tag="260"><subfield code="a">Portland [Me.] :</subfield><subfield code="b">John Edwards</subfield></datafield><datafield ind1=" " ind2=" " tag="300"><subfield code="a">v.</subfield></datafield><datafield ind1=" " ind2=" " tag="310"><subfield code="a">Weekly</subfield></datafield><datafield ind1="0" ind2=" " tag="362"><subfield code="a">Vol. 5, no. 13 (June 20, 1845)-v. 5, no. 26 (Sept. 19, 1845).</subfield></datafield><datafield ind1=" " ind2=" " tag="580"><subfield code="a">Triweekly ed.: Portland bulletin (Portland, Me.).</subfield></datafield><datafield ind1=" " ind2="0" tag="651"><subfield code="a">Portland (Me.)</subfield><subfield code="v">Newspapers.</subfield></datafield><datafield ind1=" " ind2="7" tag="655"><subfield code="a">Newspapers.</subfield><subfield code="2">fast</subfield><subfield code="0">(OCoLC)fst01423814</subfield></datafield><datafield ind1=" " ind2="7" tag="651"><subfield code="a">Maine</subfield><subfield code="z">Portland.</subfield><subfield code="2">fast</subfield><subfield code="0">(OCoLC)fst01213254</subfield></datafield><datafield ind1=" " ind2=" " tag="752"><subfield code="a">United States</subfield><subfield code="b">Maine</subfield><subfield code="c">Cumberland</subfield><subfield code="d">Portland.</subfield></datafield><datafield ind1="1" ind2=" " tag="775"><subfield code="t">Portland bulletin (Portland, Me.)</subfield><subfield code="w">(DLC)sn 83016012</subfield></datafield><datafield ind1="0" ind2="0" tag="780"><subfield code="t">Portland tribune (Portland, Me.)</subfield><subfield code="w">(DLC)sn 84027252</subfield></datafield><datafield ind1="0" ind2="0" tag="785"><subfield code="t">Tribune and bulletin</subfield><subfield code="w">(DLC)sn 83016051</subfield></datafield></record>